@article{scipy,
  author  = {Virtanen, Pauli and Gommers, Ralf and Oliphant, Travis E. and
            Haberland, Matt and Reddy, Tyler and Cournapeau, David and
            Burovski, Evgeni and Peterson, Pearu and Weckesser, Warren and
            Bright, Jonathan and {van der Walt}, St{\'e}fan J. and
            Brett, Matthew and Wilson, Joshua and Millman, K. Jarrod and
            Mayorov, Nikolay and Nelson, Andrew R. J. and Jones, Eric and
            Kern, Robert and Larson, Eric and Carey, C J and
            Polat, {\.I}lhan and Feng, Yu and Moore, Eric W. and
            {VanderPlas}, Jake and Laxalde, Denis and Perktold, Josef and
            Cimrman, Robert and Henriksen, Ian and Quintero, E. A. and
            Harris, Charles R. and Archibald, Anne M. and
            Ribeiro, Ant{\^o}nio H. and Pedregosa, Fabian and
            {van Mulbregt}, Paul and {SciPy 1.0 Contributors}},
  title   = {{{SciPy} 1.0: Fundamental Algorithms for Scientific
            Computing in Python}},
  journal = {Nature Methods},
  year    = {2020},
  volume  = {17},
  pages   = {261--272},
  adsurl  = {https://rdcu.be/b08Wh},
  doi     = {10.1038/s41592-019-0686-2},
}

@article{oscode,
  title = {Efficient method for solving highly oscillatory ordinary differential equations with applications to physical systems},
  author = {Agocs, F. J. and Handley, W. J. and Lasenby, A. N. and Hobson, M. P.},
  journal = {Physical Review Research},
  volume = {2},
  issue = {1},
  pages = {013030},
  numpages = {16},
  year = {2020},
  month = {Jan},
  publisher = {American Physical Society},
  doi = {10.1103/PhysRevResearch.2.013030},
  url = {https://link.aps.org/doi/10.1103/PhysRevResearch.2.013030}
}

@article{beyond-rkwkb,
  title = {{Beyond the Runge-Kutta-Wentzel-Kramers-Brillouin method}},
  author = {Bamber, Jamie and Handley, Will},
  journal = {Physical Review D},
  volume = {101},
  issue = {4},
  pages = {043517},
  numpages = {13},
  year = {2020},
  month = {Feb},
  publisher = {American Physical Society},
  doi = {10.1103/PhysRevD.101.043517},
  url = {https://link.aps.org/doi/10.1103/PhysRevD.101.043517}
}

@article{pps-curved,
  title = {Primordial power spectra for curved inflating universes},
  author = {Handley, Will},
  journal = {Physical Review D},
  volume = {100},
  issue = {12},
  pages = {123517},
  numpages = {8},
  year = {2019},
  month = {Dec},
  publisher = {American Physical Society},
  doi = {10.1103/PhysRevD.100.123517},
  url = {https://link.aps.org/doi/10.1103/PhysRevD.100.123517}
}

@article{qic,
  title = {Quantum initial conditions for inflation and canonical invariance},
  author = {Agocs, F. J. and Hergt, L. T. and Handley, W. J. and Lasenby, A. N. and Hobson, M. P.},
  journal = {Physical Review D},
  volume = {102},
  issue = {2},
  pages = {023507},
  numpages = {20},
  year = {2020},
  month = {Jul},
  publisher = {American Physical Society},
  doi = {10.1103/PhysRevD.102.023507},
  url = {https://link.aps.org/doi/10.1103/PhysRevD.102.023507}
}

@article{petzold,
author = {Petzold, Linda R.},
title = {An Efficient Numerical Method for Highly Oscillatory Ordinary Differential Equations},
journal = {SIAM Journal on Numerical Analysis},
volume = {18},
number = {3},
pages = {455-479},
year = {1981},
doi = {10.1137/0718030},
URL = {https://doi.org/10.1137/0718030},
eprint = {https://doi.org/10.1137/0718030}
}

@article{petzold-review,
title={Numerical solution of highly oscillatory ordinary differential equations}, 
volume={6}, 
DOI={10.1017/S0962492900002750}, 
journal={Acta Numerica}, 
publisher={Cambridge University Press}, 
author={Petzold, Linda R. and Jay, Laurent O. and Yen, Jeng}, 
year={1997}, 
pages={437–483}
}

@article{bremer,
title = {{On the numerical solution of second order ordinary differential equations in the high-frequency regime}},
journal = {Applied {and} Computational Harmonic Analysis},
volume = {44},
number = {2},
pages = {312 - 349},
year = {2018},
issn = {1063-5203},
doi = {10.1016/j.acha.2016.05.002},
url = {http://www.sciencedirect.com/science/article/pii/S1063520316300185},
author = {Bremer, J.},
}

@article{condon-et-al-circuits,
issn = {0332-1649},
doi = {10.1108/03321640910999897},
journal = {{COMPEL - The international journal for computation {and} mathematics
    in electrical {and} electronic engineering}},
pages = {1607--1618},
volume = {28},
publisher = {Boole Press Limited},
number = {6},
year = {2009},
url = {https://doi.org/10.1108/03321640910999897},
title = {On numerical methods for highly oscillatory problems in circuit simulation},
author = {Condon, M. and Deaño, A. and Iserles, A. and Maczyński, K.},
}

@book{deano-integrals,
author = {Deaño, Alfredo and Huybrechs, Daan and Iserles, Arieh},
title = {Computing Highly Oscillatory Integrals},
publisher = {{Society for Industrial {and} Applied Mathematics}},
year = {2017},
doi = {10.1137/1.9781611975123},
address = {Philadelphia, PA},
edition   = {},
URL = {https://epubs.siam.org/doi/abs/10.1137/1.9781611975123},
eprint = {https://epubs.siam.org/doi/pdf/10.1137/1.9781611975123}
}

@article{condon-deano-iserles, 
title={Asymptotic solvers for oscillatory systems of differential equations}, 
volume={53}, 
DOI={10.1007/bf03322583}, 
number={1}, 
journal={SeMA Journal}, 
author={Condon, M. and Deaño, A. and Iserles, A.}, 
year={2011}, 
pages={79–101}
} 

@misc{bremer-code,
  author = {Bremer, J.},
  title = {{Phase functions: Fortran 90 code for solving highly oscillatory
  ordinary differential equations in O(1) time}},
  year = {2018},
  publisher = {GitHub},
  journal = {GitHub repository},
  url = {https://github.com/JamesCBremerJr/Phase-functions}
}

@misc{dense-output,
    title={Dense output for highly oscillatory numerical solutions},
    author={Agocs, F. J. and Hobson, M. P. and Handley, W. J. and Lasenby, A. N.},
    year={2020},
    eprint={2007.05013},
    archivePrefix={arXiv},
    primaryClass={physics.comp-ph}
}

@misc{rkwkb-handley,
    title={{The Runge-Kutta-Wentzel-Kramers-Brillouin Method}},
    author={Handley, W. J. and Lasenby, A. N. and Hobson, M. P.},
    year={2016},
    eprint={1612.02288},
    archivePrefix={arXiv},
    primaryClass={physics.comp-ph}
}
